<?xml version="1.0" encoding="UTF-8"?><record xmlns="http://www.loc.gov/MARC21/slim" xmlns:cinclude="http://apache.org/cocoon/include/1.0" xmlns:zs="http://www.loc.gov/zing/srw/">
  <leader>00786cz  a2200169n  4500</leader>
  <controlfield tag="001">n  96016942 </controlfield>
  <controlfield tag="003">DLC</controlfield>
  <controlfield tag="005">20081106081625.0</controlfield>
  <controlfield tag="008">960223n| acannaabn          |b aaa      </controlfield>
  <datafield tag="010" ind1=" " ind2=" ">
    <subfield code="a">n  96016942 </subfield>
    <subfield code="z">n  89115443 </subfield>
  </datafield>
  <datafield tag="035" ind1=" " ind2=" ">
    <subfield code="a">(OCoLC)oca04018623</subfield>
  </datafield>
  <datafield tag="040" ind1=" " ind2=" ">
    <subfield code="a">DLC</subfield>
    <subfield code="b">eng</subfield>
    <subfield code="c">DLC</subfield>
    <subfield code="d">NjP</subfield>
    <subfield code="d">OCoLC</subfield>
  </datafield>
  <datafield tag="100" ind1="1" ind2=" ">
    <subfield code="a">Abū al-Qāsim, Ibrāhīm Aḥmad,</subfield>
    <subfield code="d">1948-</subfield>
  </datafield>
  <datafield tag="400" ind1="1" ind2=" ">
    <subfield code="a">أبو القاسم، ابراهيم أحمد</subfield>
  </datafield>
  <datafield tag="667" ind1=" " ind2=" ">
    <subfield code="a">Machine-derived non-Latin script reference project.</subfield>
  </datafield>
  <datafield tag="667" ind1=" " ind2=" ">
    <subfield code="a">Non-Latin script reference not evaluated.</subfield>
  </datafield>
  <datafield tag="670" ind1=" " ind2=" ">
    <subfield code="a">al-Muhājirūn al-Lībīyūn bi-al-bilād al-Tūnisīyah ... 1992:</subfield>
    <subfield code="b">t.p. (Ibrāhīm Aḥmad Abū al-Qāsim) p. 4 of cover (b. 1948, Libya; Ph.D., Kull. al-ʻUlūm al-Insānīyah wa-al-Ijtimāʻīyah, al-Jāmiʻah al-Tūnīsīyah)</subfield>
  </datafield>
</record>